@misc{richengo2024,
  author = {Ngo, Riche},
  title  = {Board-Games-Recommender},
  year   = {2021},
  url    = {https://github.com/richengo/Board-Games-Recommender},
  note   = {Accesed december 7th 2024}
}

@misc{boardgamegeek,
  author = {{BoardGameGeek}},
  title  = {BoardGameGeek: The Worldâ€™s Largest Board Game Database},
  year   = {2024},
  url    = {https://boardgamegeek.com},
  note   = {Accesed december 7th 2024}
}

@misc{board_games_kaggle,
  author = {Wadkins, Jen},
  title  = {Board Games Database from BoardGameGeek},
  year   = {2023},
  url    = {https://www.kaggle.com/datasets/threnjen/board-games-database-from-boardgamegeek},
  note   = {Accesed december 7th 2024}
}

@misc{group_recommenders_repo,
  author = {Peska, Ladislav and Antonetti, Leonardo and others},
  title  = {Group Recommenders: Offline Evaluation},
  year   = {2023},
  url    = {https://github.com/barnap/group-recommenders-offline-evaluation},
  note   = {Accesed december 7th 2024}
}
